@book{Kriesel2007NeuralNetworks,
	author = {Kriesel, David},
	title = {Ein kleiner {\"U}berblick {\"u}ber Neuronale Netze },
	url = { http://www.dkriesel.com },
	year = {2007 }
}

@misc{gartner,
	author = {P{\"u}tter, Christiane},
	journal = {CIO},
	month = mar,
	organization = {CIO},
	publisher = {CIO},
	title = {Gartner nennt 3 Megatrends der Zukunft},
	url = {https://www.cio.de/a/gartner-nennt-3-megatrends-der-zukunft,3561336},
	year = {2018}
}

@article{Timofte-MVA-2011,
	author = {Timofte, Radu and Zimmermann, Karel and {Van Gool}, Luc},
	doi = {10.1007/s00138-011-0391-3},
	journal = {Machine Vision and Applications},
	title = {Multi-view Traffic Sign Detection, Recognition, and 3D Localisation},
	year = {2011}
}

@misc{keras,
	title = {Keras.io},
	url = {https://keras.io}
}

@misc{road-sign-defs,
	title = {Belgian Road Signs Definitions},
	url = {https://www.shape2day.com/arriving--leaving-shape/vehicles/driving-authorization}
}

@misc{nn-zoo,
	author = {van Veen, Fjodor},
	month = sep,
	organization = {The Asimov Institute},
	title = {The Neural Network Zoo},
	url = {http://www.asimovinstitute.org/neural-network-zoo/},
	year = {2016}
}

@article{lecun-98,
	author = {LeCun, Y. and Bottou, L. and Bengio, Y. and Haffner, P.},
	journal = {Proceedings of the IEEE},
	month = {November},
	number = {11},
	original = {orig/lecun-98.ps.gz},
	pages = {2278--2324},
	title = {Gradient-Based Learning Applied to Document Recognition},
	url = {http://yann.lecun.com/exdb/publis/pdf/lecun-98.pdf},
	volume = {86},
	year = 1998
}

@misc{kaggle-lenet,
	author = {Tupini, Andrea},
	title = {Predicting MNIST labels with a CNN in Keras},
	url = {https://www.kaggle.com/tupini07/predicting-mnist-labels-with-a-cnn-in-keras/notebook}
}

